=LDR  00532nz  a2200169n  4500
=001  9989966
=005  20151017073604.0
=008  151016n|\azannaabn\\\\\\\\\\|a\aaa\\\\\c
=010  \\$ano2015138974
=035  \\$a(OCoLC)oca10297175
=040  \\$aICrlF$beng$erda$cICrlF
=046  \\$k2014$2edtf
=100  1\$aKafka, Franz,$d1883-1924.$tVerwandlung.$lEnglish$s(Wyllie)
=377  \\$aeng
=381  \\$aWyllie
=400  1\$aKafka, Franz,$d1883-1924.$tMetamorphosis
=670  \\$aKafka, Franz. Metamorphosis [ER], c2014 :$bt.p. frame (translated by David Wyllie)

